@article{ciscoReport,
author = {Evans, D},
year = {2011},
month = {01},
pages = {1-11},
title = {The Internet of Things: How the Next Evolution of the Internet is Changing Everything},
volume = {1},
journal = {Cisco Internet Business Solutions Group (IBSG)}
}

@inproceedings{miraiBotnet,
title	= {Understanding the Mirai Botnet},
author	= {Manos Antonakakis and Tim April and Michael Bailey and Matt Bernhard and Elie Bursztein and Jaime Cochran and Zakir Durumeric and J. Alex Halderman and Luca Invernizzi and Michalis Kallitsis and Deepak Kumar and Chaz Lever and Zane Ma and Joshua Mason and Damian Menscher and Chad Seaman and Nick Sullivan and Kurt Thomas and Yi Zhou},
year	= {2017},
URL	= {https://www.usenix.org/conference/usenixsecurity17/technical-sessions/presentation/antonakakis},
booktitle	= {Proceedings of the 26th USENIX Security Symposium}
}

@misc{5Reasons41:online,
author = {Susan Morrow},
title = {5 Reasons Privacy and IoT Are Incompatible | IoT For All},
howpublished = {\url{https://www.iotforall.com/five-reasons-privacy-iot-incompatible/}},
month = {October},
year = {2018},
note = {(Accessed on 05/17/2019)}
}

@misc{PrivacyIoT50:online,
author = {ROB MARVIN},
title = {Privacy Tops List of Consumer Smart Home Concerns - PCMag UK},
howpublished = {\url{https://uk.pcmag.com/nest-secure/119897/privacy-tops-list-of-consumer-smart-home-concerns}},
month = {March},
year = {2019},
note = {(Accessed on 05/17/2019)}
}

@inproceedings{wurm2016securityAftertought,
  title={Security analysis on consumer and industrial IoT devices},
  author={Wurm, Jacob and Hoang, Khoa and Arias, Orlando and Sadeghi, Ahmad-Reza and Jin, Yier},
  booktitle={2016 21st Asia and South Pacific Design Automation Conference (ASP-DAC)},
  pages={519--524},
  year={2016},
  organization={IEEE}
}

@misc{smartVSLightoutFactories:online,
author = {Juan Pedro Tom√°s},
title = {Smart manufacturing vs. Lights out manufacturing},
howpublished = {\url{https://enterpriseiotinsights.com/20170616/channels/fundamentals/20170616channelsfundamentalsufacturing-lights-out-manufacturing-tag23-tag99}},
month = {June},
year = {2016},
note = {(Accessed on 05/27/2019)}
}